<?xml version="1.0" encoding="utf-8"?>
<record xmlns="http://www.loc.gov/MARC21/slim" xmlns:xsi="http://www.w3.org/2001/XMLSchema-instance" xsi:schemaLocation="http://www.loc.gov/MARC21/slim http://www.loc.gov/standards/marcxml/schema/MARC21slim.xsd">
	<leader>     nam a22        4500</leader>
	<controlfield tag="001">001483294</controlfield>
	<controlfield tag="003">NNU</controlfield>
	<controlfield tag="006">m        d        </controlfield>
	<controlfield tag="007">cr cn |||m|||a</controlfield>
	<controlfield tag="008">160802s1911    ua ab   o     001 0 arar </controlfield>
	<datafield ind1=" " ind2=" " tag="040">
		<subfield code="a">NNU</subfield>
		<subfield code="b">eng</subfield>
		<subfield code="c">NNU</subfield>
	</datafield>
	<datafield ind1=" " ind2=" " tag="043">
		<subfield code="a">f-ua---</subfield>
	</datafield>
	<datafield ind1="0" ind2=" " tag="050">
		<subfield code="a">DT95</subfield>
		<subfield code="b">.Z3</subfield>
	</datafield>
	<datafield ind1=" " ind2=" " tag="066">
		<subfield code="c">(3</subfield>
	</datafield>
	<datafield ind1=" " ind2=" " tag="090">
		<subfield code="a">DT95</subfield>
		<subfield code="b">.Z3 1911</subfield>
	</datafield>
	<datafield ind1="1" ind2=" " tag="100">
		<subfield code="6">880-01</subfield>
		<subfield code="a">Zaydān, Jirjī,</subfield>
		<subfield code="d">1861-1914.</subfield>
	</datafield>
	<datafield ind1="1" ind2="0" tag="240">
		<subfield code="6">880-02</subfield>
		<subfield code="a">Tārīkh Miṣr al-ḥadīth min al-fatḥ al-Islāmī ilá al-ān</subfield>
	</datafield>
	<datafield ind1="1" ind2="0" tag="245">
		<subfield code="6">880-03</subfield>
		<subfield code="a">Kitāb Tārīkh Miṣr al-ḥadīth min al-fatḥ al-Islāmī ilá al-ān</subfield>
		<subfield code="h">[electronic resource] :</subfield>
		<subfield code="b">maʻa fadhlakah fī tārīkh Miṣr al-qadīm /</subfield>
		<subfield code="c">taʼlīf Jirjī Zaydān.</subfield>
	</datafield>
	<datafield ind1=" " ind2=" " tag="250">
		<subfield code="6">880-04</subfield>
		<subfield code="a">al-Ṭabʻah 2.</subfield>
	</datafield>
	<datafield ind1=" " ind2=" " tag="260">
		<subfield code="6">880-05</subfield>
		<subfield code="a">Miṣr :</subfield>
		<subfield code="b">Maṭbaʻat al-Hilāl,</subfield>
		<subfield code="c">1911.</subfield>
	</datafield>
	<datafield ind1=" " ind2=" " tag="300">
		<subfield code="a">online resource (2 v. in 1) :</subfield>
		<subfield code="b">ill., maps</subfield>
	</datafield>
	<datafield ind1=" " ind2=" " tag="500">
		<subfield code="a">Includes index.</subfield>
	</datafield>
	<datafield ind1=" " ind2=" " tag="500">
		<subfield code="a">Part of the Arabic Collections Online (ACO) project, contributed by New York Univeristy Libraries.</subfield>
	</datafield>
	<datafield ind1="0" ind2=" " tag="505">
		<subfield code="a">al-juzʼ 1. Min al-fatḥ al-Islāmī ilá ākhir dawlat al-Mamālīk al-thāniyah, wa-fī awwalihi fadhlakat al-tārīkh al-qadīm -- al-juzʼ 2. Wa-huwa yashtamilu ʻalá tārīkh Miṣr min al-fatḥ al-ʻUthmānī ilá al-ān, ay fī ʻahd al-dawlah al-ʻUthmānīyah wa-ḥamlat Būnābart wa-al-dawlah al-Muḥammadīyah al-ʻAlawīyah aw al-usrah al-Khudaywīyah, wa-lā yazāl</subfield>
	</datafield>
	<datafield ind1=" " ind2=" " tag="533">
		<subfield code="a">Electronic reproduction.</subfield>
		<subfield code="b">New York, N.Y. :</subfield>
		<subfield code="c">New York University,</subfield>
		<subfield code="d">2016.</subfield>
		<subfield code="5">NNU</subfield>
	</datafield>
	<datafield ind1=" " ind2="0" tag="651">
		<subfield code="a">Egypt</subfield>
		<subfield code="x">History</subfield>
		<subfield code="y">640-1882.</subfield>
	</datafield>
	<datafield ind1="2" ind2=" " tag="710">
		<subfield code="a">New York University.</subfield>
		<subfield code="b">Libraries.</subfield>
	</datafield>
	<datafield ind1="0" ind2=" " tag="730">
		<subfield code="a">Arabic Collections Online.</subfield>
	</datafield>
	<datafield ind1="0" ind2="8" tag="776">
		<subfield code="i">Print version:</subfield>
		<subfield code="a">Zaydān, Jirjī, 1861-1914.</subfield>
		<subfield code="t">Kitāb Tārīkh Miṣr al-ḥadīth min al-fatḥ al-Islāmī ilá al-ān</subfield>
		<subfield code="w">(NNU)001483294</subfield>
		<subfield code="w">(DLC)ne 64002670</subfield>
	</datafield>
	<datafield ind1="4" ind2="0" tag="856">
		<subfield code="u">http://hdl.handle.net/2333.1/280gb82d</subfield>
	</datafield>
	<datafield ind1="1" ind2=" " tag="880">
		<subfield code="6">100-01/</subfield>
		<subfield code="a">زيدان، جرجي.</subfield>
	</datafield>
	<datafield ind1="1" ind2="0" tag="880">
		<subfield code="6">240-02/</subfield>
		<subfield code="a">تاريخ مصر الحديث من الفتح الاسلام الى الآن</subfield>
	</datafield>
	<datafield ind1="1" ind2="0" tag="880">
		<subfield code="6">245-03/</subfield>
		<subfield code="a">كتاب تاريخ مصر الحديث من الفتح الاسلامي الى الآن :</subfield>
		<subfield code="b">مع فذلمة في تاريخ مصر القديم /</subfield>
		<subfield code="c">تأليف جرجي زيدان.</subfield>
	</datafield>
	<datafield ind1=" " ind2=" " tag="880">
		<subfield code="6">250-04/</subfield>
		<subfield code="a">الربعة ٢.</subfield>
	</datafield>
	<datafield ind1=" " ind2=" " tag="880">
		<subfield code="6">260-05/</subfield>
		<subfield code="a">مصر :</subfield>
		<subfield code="b">مطبعة الهلال،</subfield>
		<subfield code="c">١٩١١.</subfield>
	</datafield>
	<datafield ind1=" " ind2=" " tag="959">
		<subfield code="a">NNU</subfield>
		<subfield code="b">WEB</subfield>
		<subfield code="c">GENI</subfield>
		<subfield code="t">0</subfield>
		<subfield code="m">Electronic access</subfield>
		<subfield code="s">01</subfield>
	</datafield>
	<datafield ind1=" " ind2=" " tag="999">
		<subfield code="i">NNU_001483294</subfield>
		<subfield code="s">nyu_aco001107:v.1/2</subfield>
	</datafield>
</record>
